<record xmlns="http://www.loc.gov/MARC21/slim" xmlns:xsi="http://www.w3.org/2001/XMLSchema-instance" xsi:schemaLocation="http://www.loc.gov/MARC21/slim http://www.loc.gov/standards/marcxml/schema/MARC21slim.xsd"><leader>01034nam a2200229   4500</leader><controlfield tag="001">002854079</controlfield><controlfield tag="003">NNU</controlfield><controlfield tag="006">m        d        </controlfield><controlfield tag="007">cr cn |||m|||a</controlfield><controlfield tag="008">140707m18751895ua      o     000 0 ara d</controlfield><datafield ind1=" " ind2=" " tag="040"><subfield code="a">NNU</subfield><subfield code="b">eng</subfield><subfield code="c">NNU</subfield></datafield><datafield ind1="1" ind2=" " tag="100"><subfield code="a">Ibsh&#299;h&#299;, Mu&#7717;ammad ibn A&#7717;mad,</subfield><subfield code="d">1388-ca. 1446.</subfield></datafield><datafield ind1="1" ind2="3" tag="245"><subfield code="a">al-Musta&#7789;raf f&#299; kull musta&#7779;raf</subfield><subfield code="h">[electronic resource] /</subfield><subfield code="c">ta&#700;l&#299;f Shih&#257;b al-D&#299;n A&#7717;mad al-Ibsh&#299;h&#299;.</subfield></datafield><datafield ind1=" " ind2=" " tag="260"><subfield code="a">[Egypt :</subfield><subfield code="b">s.n.] ,</subfield><subfield code="c">1875-1895.</subfield></datafield><datafield ind1=" " ind2=" " tag="300"><subfield code="a">online resource (3 v. in 1)</subfield></datafield><datafield ind1=" " ind2=" " tag="500"><subfield code="a">Part of the Arabic Collections Online (ACO) project, contributed by New York Univeristy Libraries.</subfield></datafield><datafield ind1=" " ind2=" " tag="533"><subfield code="a">Electronic reproduction.</subfield><subfield code="b">New York, N.Y. :</subfield><subfield code="c">New York University,</subfield><subfield code="d">2014.</subfield><subfield code="5">NNU</subfield></datafield><datafield ind1="2" ind2=" " tag="710"><subfield code="a">New York University.</subfield><subfield code="b">Libraries.</subfield></datafield><datafield ind1="0" ind2=" " tag="730"><subfield code="a">Arabic Collections Online.</subfield></datafield><datafield ind1="0" ind2="8" tag="776"><subfield code="i">Print version:</subfield><subfield code="a">Ibsh&#299;h&#299;, Mu&#7717;ammad ibn A&#7717;mad, 1388-ca. 1446.</subfield><subfield code="t">al-Musta&#7789;raf f&#299; kull musta&#7779;raf</subfield><subfield code="w">(NNU)002854079</subfield></datafield><datafield ind1="4" ind2="0" tag="856"><subfield code="u">http://hdl.handle.net/2333.1/z34tmrdf</subfield></datafield><datafield ind1=" " ind2=" " tag="959"><subfield code="a">NNU</subfield><subfield code="b">WEB</subfield><subfield code="c">GENI</subfield><subfield code="t">0</subfield><subfield code="m">Electronic access</subfield><subfield code="s">01</subfield></datafield></record>